@misc{paper_document,
  title = {Undetermined Title},
  author = {{Unknown}},
  year = {2006},
  howpublished = {PDF},
  note = {Limited metadata via pdfinfo; see document.pdf (8 pages, letter). Update when title/authors are known.}
}

@inproceedings{rahman2021,
  title = {Identifying User Authentication and Most Frequently Used Region Based on Mouse Movement Data: A Machine Learning Approach},
  booktitle = {2021 IEEE 11th Annual Computing and Communication Workshop and Conference (CCWC)},
  year = {2021},
  doi = {10.1109/CCWC51732.2021.9376087},
  author = {{Authors not listed in PDF metadata}},
  organization = {IEEE},
  note = {PDF metadata extracted; add full author list and page numbers when available}
}
